<record><leader>00000cas a22000007a 4500</leader><controlfield tag="001">17819978</controlfield><controlfield tag="008">880420d19311935nyuwr ne      0    0eng d</controlfield><datafield ind1=" " ind2=" " tag="010"><subfield code="a">sn 88075685 </subfield></datafield><datafield ind1=" " ind2=" " tag="040"><subfield code="a">NYG</subfield><subfield code="b">eng</subfield><subfield code="c">NYG</subfield><subfield code="d">NYS</subfield><subfield code="d">OCLCQ</subfield><subfield code="d">OCLCF</subfield><subfield code="d">OCLCO</subfield></datafield><datafield ind1=" " ind2=" " tag="042"><subfield code="a">msc</subfield></datafield><datafield ind1=" " ind2=" " tag="043"><subfield code="a">n-us-ny</subfield></datafield><datafield ind1="0" ind2="0" tag="245"><subfield code="a">Port Jefferson times-echo.</subfield></datafield><datafield ind1=" " ind2=" " tag="260"><subfield code="a">Port Jefferson, N.Y. :</subfield><subfield code="b">Suffolk Consolidated Press Co.</subfield></datafield><datafield ind1=" " ind2=" " tag="300"><subfield code="a">v.</subfield></datafield><datafield ind1=" " ind2=" " tag="310"><subfield code="a">Weekly</subfield></datafield><datafield ind1="0" ind2=" " tag="362"><subfield code="a">53rd year, no. 2722 (Apr. 3, 1931)-57th year, no. 2927 (Mar. 8, 1935).</subfield></datafield><datafield ind1=" " ind2="0" tag="651"><subfield code="a">Port Jefferson (N.Y.)</subfield><subfield code="v">Newspapers.</subfield></datafield><datafield ind1=" " ind2="0" tag="651"><subfield code="a">Suffolk County (N.Y.)</subfield><subfield code="v">Newspapers.</subfield></datafield><datafield ind1=" " ind2="7" tag="655"><subfield code="a">Newspapers.</subfield><subfield code="2">fast</subfield><subfield code="0">(OCoLC)fst01423814</subfield></datafield><datafield ind1=" " ind2="7" tag="651"><subfield code="a">New York (State)</subfield><subfield code="z">Port Jefferson.</subfield><subfield code="2">fast</subfield><subfield code="0">(OCoLC)fst01203448</subfield></datafield><datafield ind1=" " ind2="7" tag="651"><subfield code="a">New York (State)</subfield><subfield code="z">Suffolk County.</subfield><subfield code="2">fast</subfield><subfield code="0">(OCoLC)fst01207260</subfield></datafield><datafield ind1=" " ind2=" " tag="752"><subfield code="a">United States</subfield><subfield code="b">New York</subfield><subfield code="c">Suffolk</subfield><subfield code="d">Port Jefferson.</subfield></datafield><datafield ind1="0" ind2="4" tag="780"><subfield code="t">Port Jefferson times (Port Jefferson, N.Y. : 1878)</subfield><subfield code="w">(DLC)sn 83031812</subfield><subfield code="w">(OCoLC)9982897</subfield></datafield><datafield ind1="0" ind2="4" tag="780"><subfield code="t">Port Jefferson echo</subfield><subfield code="w">(DLC)sn 88075686</subfield><subfield code="w">(OCoLC)17819830</subfield></datafield><datafield ind1="0" ind2="0" tag="785"><subfield code="t">Port Jefferson times (Port Jefferson, N.Y. : 1935)</subfield><subfield code="w">(DLC)sn 88075701</subfield><subfield code="w">(OCoLC)17946992</subfield></datafield></record>